@book{landau,
  author = {Landau, L. and Lifshitz, E.},
  publisher = {Editorial Reverté, S. A.},
  title = {Física Estadística},
  address = {Barcelona},
  volume = {5},
}

@book{chandler1987,
  author = {Chadler, D.},
  publisher = {Oxford Universiti Press},
  title = {Introduction to modern statistical mechanics},
  year = {1987},
  address = {New York},
}

@book{Styer2007,
  author = {Styer, D.},
  publisher = {Oberlin Collage},
  title = {Statistical Mechanics},
  year = {2007},
  address = {Oberlin}
}

@book{Swendsen2012,
  author = {Swendsen, R.},
  publisher = {Oxford University Pres Inc.},
  address = {New York},
  title = {An introduction to Statistical Mechanics and Thermodynamics},
  year = {2012}

}